% Encoding: UTF-8


@Article{FDASurvey,
  Title                    = {Face Detection: A Survey},
  Author                   = {Erik Hjelmas},
  Journal                  = {Computer Vision and Image Understanding},
  Year                     = {2001},
  Month                    = {September},
  Number                   = {3},
  Pages                    = {236-247},
  Volume                   = {83}
}

@Article{FRLiteratureSurvey,
  Title                    = {Face Recognition: A Literature Survey},
  Author                   = {W. ZHAO and R. CHELLAPPA and P.J.Phillips and A. Rosenfeld},
  Journal                  = {ACM Computing Surveys},
  Year                     = {2003},
  Month                    = {December},
  Number                   = {4},
  Pages                    = {339-458},
  Volume                   = {35}
}

@Article{ProjDescr,
  Title                    = {Digital Sinal Processing Project},
  Author                   = {Reinhard Schneider},
  Journal                  = {FHV},
  Year                     = {2016}
}

