% Encoding: UTF-8


@Book{Chvatal1983,
  Title                    = {Linear Programming},
  Author                   = {Vasek Chvatal},
  Publisher                = {W H Freeman \& Co},
  Year                     = {1983},
  Address                  = {New York},
  Series                   = {Series of Books in the Mathematical Sciences},
  ISBN                     = {0-7167-1587-2},
  Keywords                 = {Linear programming},
  Pages                    = {478}
}

@Article{Einstein1905,
  Title                    = {{Zur Elektrodynamik bewegter K{\"o}rper}.},
  Author                   = {Albert Einstein},
  Journal                  = {Annalen der Physik},
  Year                     = {1905},
  Pages                    = {891--921},
  Volume                   = {17},
  Acknowledgement          = {#ack-nhfb#},
  Bibdate                  = {Wed Nov 23 14:13:37 MST 2005},
  Bibsource                = {http://www.math.utah.edu/pub/tex/bib/einstein.bib},
  Calaprice-number         = {9},
  ISSN                     = {0003-3804},
  Language                 = {German},
  Remark                   = {This is the initial paper on Special Relativity. The paper was received on June 30, 1905, and published on September 26, 1905.},
  Schilpp-number           = {9},
  Whittaker-number         = {8},
  Xxnote                   = {\cite{Calaprice:2004:EA} has pages 801--921.},
  Zmnumber                 = {36.0920.02},
  Zmreviewer               = {Dr. Grimm (Halensee)}
}

