% Encoding: UTF-8


@Article{ColorAndEigenimage,
  Title                    = {Face Detection Using Color Thresholding, and Eigenimage Template Matching},
  Author                   = {Diedrick Marius and Sumita Pennathur and Klint Rose},
  Journal                  = {Stanford University},
  Year                     = {2000}
}

@Article{FDASurvey,
  Title                    = {Face Detection: A Survey},
  Author                   = {Erik Hjelmas},
  Journal                  = {Computer Vision and Image Understanding},
  Year                     = {2001},
  Month                    = {September},
  Number                   = {3},
  Pages                    = {236-247},
  Volume                   = {83}
}

@Article{FRLiteratureSurvey,
  Title                    = {Face Recognition: A Literature Survey},
  Author                   = {W. ZHAO and R. CHELLAPPA and P.J.Phillips and A. Rosenfeld},
  Journal                  = {ACM Computing Surveys},
  Year                     = {2003},
  Month                    = {December},
  Number                   = {4},
  Pages                    = {339-458},
  Volume                   = {35}
}

@Article{ProjDescr,
  Title                    = {Digital Sinal Processing Project},
  Author                   = {Reinhard Schneider},
  Journal                  = {FHV},
  Year                     = {2016}
}

@Article{RobAmaColor,
  Title                    = {Image and Signal Processing - Color},
  Author                   = {Robert Amman},
  Journal                  = {FHV},
  Year                     = {2016},
  Pages                    = {20}
}

@Article{RobustSkinColorFD,
  Title                    = {A Robust Skin Color Based Face Detection Algorithm},
  Author                   = {Sanjay Kr. Singh and D. S. Chauhan and Mayank Vatsa and Richa Singh},
  Journal                  = {Tamkang Journal of Science and Engineering},
  Year                     = {2003},
  Number                   = {4},
  Pages                    = {227-234},
  Volume                   = {6}
}

@Article{RTFaceDetection,
  Title                    = {Real Time Detection and Tracking of Human Face using Skin Color Segmentation and Region Properties},
  Author                   = {Prashanth Kumar and Shashidhara M},
  Journal                  = {International Journal of Image, Graphics and Signal Processing (IJIGSP)},
  Year                     = {2014},
  Number                   = {8},
  Pages                    = {40-46},
  Volume                   = {6}
}

